% Encoding: UTF-8
@article {Feng2015,
	author = {Feng, Linqing and Zhao, Ting and Kim, Jinhyun},
	title = {{neuTube 1.0}: A New Design for Efficient Neuron Reconstruction Software Based on the SWC Format},
	volume = {2},
	number = {1},
	pages  = {0049-0014}, 
	elocation-id = {ENEURO.0049-14.2014},
	year = {2015},
	publisher = {Society for Neuroscience},
	journal = {eNeuro}
}

@Article{Kozinski-MIA2020,
 author  = {Mateusz Kozinski and Agata Mosinska and Mathieu Salzmann and Pascal Fua},
 title    = {Tracing in 2{D} to Reduce the Annotation Effort for 3{D} Deep Delineation},
 journal = {Med. Imag. Anal.},
	year          = {2020},
	volume        = {60}, 
	month         = {Feb.},
	pages         = {1-11}, 
	publisher     = {ELSEVIER},
	doi           = {10.1016/j.media.2019.101590},
}

@Article{Giorgio2013,
  author        = {Giorgio, Antonio and De Stefano, Nicola},
  title         = {Clinical use of brain volumetry},
  journal       = {J. Magn. Reson. Imaging},
  year          = {2013},
  volume        = {37},
  number        = {1},
  month         = {Jul.},
  pages         = {1-14},
  issn          = {1053-1807},
  publisher     = {John Wiley \& Sons, Ltd},
}

@Article{Petrella2003,
	author   = {Petrella, Jeffrey R. and Coleman, R. Edward and Doraiswamy, P. Murali},
	title    = {Neuroimaging and Early Diagnosis of Alzheimer Disease: A Look to the Future},
	journal  = {Radiology},
	year     = {2003},
	volume   = {226},
	number   = {2},
	pages    = {315-336},
}

@Article{Senft2011,
	author        = {Senft, Stephen L.},
	title         = {A Brief History of Neuronal Reconstruction},
	journal       = {Neuroinformatics},
	year          = {2011},
	volume        = {9},
	number        = {2},
	month         = {Sept.},
	pages         = {119-128},
	issn          = {1559-0089},
}

@Article{Wang2019,
	author        = {Wang, Hao and Qingyuan Zhu and Lufeng Ding and Yan Shen and Chao-Yu Yang and Fang Xu and others},
	title         = {{Scalable volumetric imaging for ultrahigh-speed brain mapping at synaptic resolution}},
	journal       = {National Science Review},
	year          = {2019},
	volume        = {6},
	number        = {2},
	issue = {5},
	month         = {Sept.},
	pages         = {982–992},
	issn          = {2095-5138},
}

@Article{Wang2011,
	author   = {Wang, Yu and Narayanaswamy, Arunachalam and Tsai, Chia-Ling and Roysam, Badrinath},
	title    = {A Broadly Applicable {3-D} Neuron Tracing Method Based on Open-Curve Snake},
	journal  = {Neuroinformatics},
	year     = {2011},
	volume   = {9},
	number   = {2},
	month    = {Sept.},
	pages    = {193--217},
	issn     = {1559-0089},
}

@Article{Cai2006,
	author   = {Cai, Hongmin and Xu, Xiaoyin and Lu, Ju and Lichtman, Jeff W. and Yung, S. P. and Wong, Stephen T. C.},
	title    = {Repulsive force based snake model to segment and track neuronal axons in 3{D} microscopy image stacks},
	journal  = {NeuroImage},
	year     = {2006},
	volume   = {32},
	number   = {4},
	month    = {Oct.},
	pages    = {1608-1620},
	issn     = {1053-8119},
}

@Article{Bas2011,
	author   = {Bas, Erhan and Erdogmus, Deniz},
	title    = {Principal Curves as Skeletons of Tubular Objects},
	journal  = {Neuroinformatics},
	year     = {2011},
	volume   = {9},
	number   = {2},
	month    = {Sept.},
	pages    = {181-191},
	issn     = {1559-0089},
}

@Article{Zhao2011,
	author   = {Zhao, Ting and Xie, Jun and Amat, Fernando and Clack, Nathan and Ahammad, Parvez and Peng, Hanchuan and others},
	title    = {Automated Reconstruction of Neuronal Morphology Based on Local Geometrical and Global Structural Models},
	journal  = {Neuroinformatics},
	year     = {2011},
	volume   = {9},
	number   = {2},
	month    = {Sept.},
	pages    = {247-261},
	issn     = {1559-0089},
}

@Article{Santamaria2015,
	author   = {Santamaría-Pang, Alberto and Hernandez-Herrera, Paul and Papadakis, Manos and Saggau, Peter and Kakadiaris, Ioannis A.},
	title    = {Automatic Morphological Reconstruction of Neurons from Multiphoton and Confocal Microscopy Images Using 3D Tubular Models},
	journal  = {Neuroinformatics},
	year     = {2015},
	volume   = {13},
	number   = {3},
	month    = {Jul.},
	pages    = {297-320},
	issn     = {1559-0089},
}

@Article{Peng2010a,
	author    = {Peng, Hanchuan and Ruan, Zongcai and Atasoy, Deniz and Sternson, Scott},
	title     = {Automatic reconstruction of 3D neuron structures using a graph-augmented deformable model},
	journal   = {Bioinformatics},
	year      = {2010},
	volume    = {26},
	number    = {12},
	pages     = {38-46},
	issn      = {1367-4803},
	database  = {PubMed},
	publisher = {Oxford University Press},
}

@Article{Yang2013,
	author    = {Yang, Jinzhu and Gonzalez-Bellido, Paloma T and Peng, Hanchuan},
	title     = {A distance-field based automatic neuron tracing method},
	journal   = {BMC Bioinform.},
	year      = {2013},
	volume    = {14},
	number    = {1},
	month     = {Mar.},
	pages     = {93},
	issn      = {1471-2105},
	doi       = {10.1186/1471-2105-14-93}, 
}

@Article{De2016,
	author        = {J. {De} and L. {Cheng} and X. {Zhang} and F. {Lin} and H. {Li} and K. H. {Ong} and others},
	title         = {A Graph-Theoretical Approach for Tracing Filamentary Structures in Neuronal and Retinal Images},
	journal       = {IEEE Trans. Med. Imag.},
	year          = {2016},
	volume        = {35},
	number        = {1},
	month         = {Jan.},
	pages         = {257-272},
	issn          = {0278-0062},
	doi           = {10.1109/TMI.2015.2465962},
}

@Article{Navlakha2013,
	author   = {Navlakha, Saket and Ahammad, Parvez and Myers, Eugene W.},
	title    = {Unsupervised segmentation of noisy electron microscopy images using salient watersheds and region merging},
	journal  = {BMC Bioinform.},
	year     = {2013},
	volume   = {14},
	number   = {1},
	month    = {Oct.},
	pages    = {294},
	issn     = {1471-2105},
	doi      = {10.1186/1471-2105-14-294},
}

@InProceedings{Suembuel2016,
	author    = {S\"{u}mb\"{u}l, Uygar and Roossien, Douglas and Cai, Dawen and Chen, Fei and Barry, Nicholas and Cunningham, John P and others},
	title     = {Automated scalable segmentation of neurons from multispectral images},
	booktitle = { Proc. Adv. Neural Inf. Process. Syst.},
	year      = {2016},  
	pages     = {1912-1920},
}

@Article{Quan2013,
	author    = {Quan, Tingwei and Zheng, Ting and Yang, Zhongqing and Ding, Wenxiang and Li, Shiwei and Li, Jing and others},
	title     = {{NeuroGPS: automated localization of neurons for brain circuits using L1 minimization model}},
	journal   = {Scientific Reports},
	year      = {2013},
	volume    = {3},
	month     = {Apr.},
	pages     = {1414},
}

@Article{Liu2016,
	author    = {Liu, Siqi and Zhang, Donghao and Liu, Sidong and Feng, Dagan and Peng, Hanchuan and Cai, Weidong},
	title     = {Rivulet: {3D} Neuron Morphology Tracing with Iterative Back-Tracking},
	journal   = {Neuroinformatics},
	year      = {2016},
	volume    = {14},
	number    = {4},
	month     = {Oct.},
	pages     = {387},
	issn      = {1559-0089},
	doi       = {10.1007/s12021-016-9302-0},
}

@Article{Frasconi2014,
	author  = {Frasconi, Paolo and Silvestri, Ludovico and Soda, Paolo and Cortini, Roberto and Pavone, Francesco S. and Iannello, Giulio},
	title   = {Large-scale automated identification of mouse brain cells in confocal light sheet microscopy images},
	journal = {Bioinformatics},
	year    = {2014},
	volume  = {30},
	number  = {17},
	pages   = {587-593},
	doi     = {10.1093/bioinformatics/btu469},
}

@Article{Wu2014,
	author   = {Wu, Jingpeng and He, Yong and Yang, Zhongqin and Guo, Congdi and Luo, Qingming and Zhou, Wei and others},
	title    = {{3D BrainCV}: Simultaneous visualization and analysis of cells and capillaries in a whole mouse brain with one-micron voxel resolution},
	journal  = {NeuroImage},
	year     = {2014},
	volume   = {87},
	month    = {Feb.},
	pages    = {199-208},
	issn     = {1053-8119},
}

@Article{Liu2019,
	author  = {Liu, M. and Chen, W. and Wang, C. and Peng, H.},
	title   = {{A Multiscale Ray-Shooting Model for Termination Detection of Tree-Like Structures in Biomedical Images}},
	journal = {IEEE Trans. Med. Imag.},
	year    = {2019},
	volume  = {38},
	number  = {8},
	month   = Aug.,
	pages   = {1923-1934},
	issn    = {0278-0062},
}

@Article{Peng2011,
	author  = {Peng, Hanchuan and Long, Fuhui and Myers, Gene},
	title   = {Automatic {3D} neuron tracing using all-path pruning},
	journal = {Bioinformatics},
	year    = {2011},
	volume  = {27},
	number  = {13},
	pages   = {239-247},
	doi     = {10.1093/bioinformatics/btr237},
}

@Article{Xiao2013,
	author  = {Xiao, Hang and Peng, Hanchuan},
	title   = {{APP2}: automatic tracing of {3D} neuron morphology based on hierarchical pruning of a gray-weighted image distance-tree},
	journal = {Bioinformatics},
	year    = {2013},
	volume  = {29},
	number  = {11},
	pages   = {1448-1454},
	doi     = {10.1093/bioinformatics/btt170},
}

@Article{Liu2018,
	author      = {Liu, S. and Zhang, D. and Song, Y. and Peng, H. and Cai, W.},
	title       = {{Automated 3-D Neuron Tracing With Precise Branch Erasing and Confidence Controlled Back Tracking}},
	journal     = {IEEE Trans. Med. Imag.},
	year        = {2018},
	volume      = {37},
	number      = {11},
	pages       = {2441-2452},
	issn        = {0278-0062},
}

@Article{Chen2015,
	author    = {Chen, Hanbo and Xiao, Hang and Liu, Tianming and Peng, Hanchuan},
	title     = {{SmartTracing}: self-learning-based Neuron reconstruction},
	journal   = {Brain Informatics},
	year      = {2015},
	volume    = {2},
	number    = {3},
	month     = {Sept.},
	pages     = {135-144},
	issn      = {2198-4026},
	doi       = {10.1007/s40708-015-0018-y},
	publisher = {Springer},
}

@Article{Basu2016,
	author  = {S. {Basu} and W. T. {Ooi} and D. {Racoceanu}},
	title   = {Neurite Tracing With Object Process},
	journal = {IEEE Trans. Med. Imag.},
	year    = {2016},
	volume  = {35},
	number  = {6},
	month   = {June},
	pages   = {1443-1451},
	issn    = {0278-0062},
}

@Article{Radojevic2017,
	author  = {Radojević, Miroslav and Meijering, Erik},
	title   = {{Automated neuron tracing using probability hypothesis density filtering}},
	journal = {Bioinformatics},
	year    = {2017},
	volume  = {33},
	number  = {7},
	month   = {Jan.},
	pages   = {1073-1080},
	issn    = {1367-4803},
	doi     = {10.1093/bioinformatics/btw751},
}

@Article{Wang2017,
	author  = {Wang, Ching-Wei and Lee, Yu-Ching and Pradana, Hilmil and Zhou, Zhi and Peng, Hanchuan},
	title   = {Ensemble Neuron Tracer for 3D Neuron Reconstruction},
	journal = {Neuroinformatics},
	year    = {2017},
	volume  = {15},
	number  = {2},
	month   = {Apr.},
	pages   = {185-198},
	issn    = {1559-0089},
}

@Article{Gu2017,
	author  = {L. {Gu} and X. {Zhang} and H. {Zhao} and H. {Li} and L. {Cheng}},
	title   = {{Segment 2D and 3D Filaments by Learning Structured and Contextual Features}},
	journal = {IEEE Trans. Med. Imag.},
	year    = {2017},
	volume  = {36},
	number  = {2},
	month   = {Feb.},
	pages   = {596-606},
	issn    = {0278-0062},
}

@Article{Skibbe2015,
	author  = {Skibbe, H. and Reisert, M. and Maeda, S. and Koyama, M. and Oba, S. and Ito, K. and Ishii, S.},
	title   = {Efficient Monte Carlo Image Analysis for the Location of Vascular Entity},
	journal = {IEEE Trans. Med. Imag.},
	year    = {2015},
	volume  = {34},
	number  = {2},
	month   = {Feb.},
	pages   = {628-643},
	issn    = {0278-0062},
}

@Article{Skibbe2019,
	author  = {H. {Skibbe} and M. {Reisert} and K. {Nakae} and A. {Watakabe} and J. {Hata} and H. {Mizukami} and others},
	title   = {{PAT}--Probabilistic Axon Tracking for Densely Labeled Neurons in Large 3-D Micrographs},
	journal = {IEEE Trans. Med. Imag.},
	year    = {2019},
	volume  = {38},
	number  = {1},
	month   = {Jan.},
	pages   = {69-78},
	issn    = {0278-0062},
}

@Article{Li2017,
	author   = {R. Li and T. Zeng and H. Peng and S. Ji},
	title    = {Deep Learning Segmentation of Optical Microscopy Images Improves {3-D} Neuron Reconstruction},
	journal = {IEEE Trans. Med. Imag.},
	year     = {2017},
	volume   = {36},
	number   = {7},
	month    = {Jul.},
	pages    = {1533-1541},
	issn     = {0278-0062},
	doi      = {10.1109/TMI.2017.2679713},
}

@Article{Zhou2018,
	author   = {Zhou, Zhi and Kuo, Hsien-Chi and Peng, Hanchuan and Long, Fuhui},
	title    = {{DeepNeuron}: an open deep learning toolbox for neuron tracing},
	journal  = {Brain Informatics},
	year     = {2018},
	volume   = {5},
	number   = {2},
	month    = {Jun.},
	pages    = {3},
	issn     = {2198-4026},
}

@InProceedings{Xu2016,
	author    = {K. Xu and H. Su and J. Zhu and J. Guan and B. Zhang},
	title     = {Neuron Segmentation Based on {CNN} with Semi-Supervised Regularization},
	booktitle = {Proc. IEEE Conf. Comput. Vis. Pattern Recognit. Workshops},
	year      = {2016},
	month     = {Jun.},
	pages     = {1324-1332},
	doi       = {10.1109/CVPRW.2016.167},
	issn      = {2160-7516},
}

@InProceedings{Zhou2015,
	author    = {Z. {Zhou} and S. A. {Sorensen} and H. {Peng}},
	title     = {{Neuron Crawler}: An automatic tracing algorithm for very large neuron images},
	booktitle = {Proc. IEEE Int. Symp. Biomed. Imag.},
	year      = {2015},
	month     = {Apr.},
	pages     = {870-874},
	doi       = {10.1109/ISBI.2015.7164009},
	issn      = {1945-7928},
}

@Article{Peng2017,
	author    = {Peng, Hanchuan and Zhou, Zhi and Meijering, Erik and Zhao, Ting and Ascoli, Giorgio A. and Hawrylycz, Michael},
	title     = {Automatic tracing of ultra-volumes of neuronal images},
	journal   = {Nature Methods},
	year      = {2017},
	volume    = {14},
	month     = {Mar.},
	pages     = {332-333},
	publisher = {Nature Publishing Group, a division of Macmillan Publishers Limited. All Rights Reserved.},
}

@InProceedings{Wang2018,
	author    = {Wang, H. and Zhang, D. and Song, Y. and Liu, S. and Gao, R. and Peng, H. and Cai, W.},
	title     = {{Memory and Time Efficient 3D Neuron Morphology Tracing in Large-Scale Images}},
	booktitle = {Proc. DICTA},
	year      = {2018},
	month     = {Dec.},
	pages     = {1-8},
	journal   = {2018 Digital Image Computing: Techniques and Applications (DICTA)},
}

@Article{Quan2015,
	author    = {Quan, Tingwei and Zhou, Hang and Li, Jing and Li, Shiwei and Li, Anan and Li, Yuxin and others},
	title     = {{NeuroGPS-Tree}: automatic reconstruction of large-scale neuronal populations with dense neurites},
	journal   = {Nature Methods},
	year      = {2015},
	volume    = {13},
	month     = {Nov.},
	pages     = {51-54},
	publisher = {Nature Publishing Group, a division of Macmillan Publishers Limited. All Rights Reserved.},
}

@InProceedings{Cicek2016,
	author        = {{\c{C}}i{\c{c}}ek, {\"O}zg{\"u}n and Ahmed Abdulkadir and Soeren S. Lienkamp and Thomas Brox and Olaf Ronneberger},
	title         = {{3D U-Net}: learning dense volumetric segmentation from sparse annotation},
	year          = {2016},
	pages         = {424-432},
	booktitle     = {Proc. MICCAI},
}

@Article{Dou2017,
	author   = {Dou, Qi and Yu, Lequan and Chen, Hao and Jin, Yueming and Yang, Xin and Qin, Jing and others},
	title    = {{3D} deeply supervised network for automated segmentation of volumetric medical images},
	journal  = {Med. Imag. Anal.},
	year     = {2017},
	volume   = {41},
	month    = {Oct.},
	pages    = {40-54},
	issn     = {1361-8415},
}

@InProceedings{Yu2017,
	author    = {Yu, Lequan and Cheng, Jie-Zhi and Dou, Qi and Yang, Xin and Chen, Hao and Qin, Jing and others},
	title     = {Automatic {3D} Cardiovascular MR Segmentation with Densely-Connected Volumetric ConvNets},
	booktitle     = {Proc. MICCAI},
	year      = {2017},
	pages     = {287-295}, 
}

@Article{peng2015,
	author        = {Hanchuan Peng and Michael Hawrylycz and Jane Roskams and Sean Hill and Nelson Spruston and Erik Meijering and others},
	title         = {{BigNeuron}: large-scale 3D neuron reconstruction from optical microscopy images},
	journal       = {Neuron},
	year          = {2015},
	volume		  = {87},
	number		  ={2},
	pages  		  ={252-256},
}

@Article{Peng2014,
	author    = {Peng, Hanchuan and Jianyong Tang and Hang Xiao and Alessandro Bria and Jianlong Zhou and Victoria Butler and others},
	title     = {Virtual finger boosts three-dimensional imaging and microsurgery as well as terabyte volume image visualization and analysis},
	journal   = {Nature Communications},
	year      = {2014},
	volume    = {5},
	month     = {Jul.},
	number     = {1},
	pages = {4342},
	issn = {2041-1723},
}


@InProceedings{Sun2019,
	author = {Sun, Ke and Xiao, Bin and Liu, Dong and Wang, Jingdong},
	title = {Deep High-Resolution Representation Learning for Human Pose Estimation},
	booktitle = {Proc. IEEE Conf. Comput. Vis. Pattern Recognit.},
	month = {Jun.},
	year = {2019},
	pages    = {5693-5703},
}


@Article{Zhou2016,
	author    = {Zhou, Zhi and Liu, Xiaoxiao and Long, Brian and Peng, Hanchuan},
	title     = {{TReMAP}: Automatic {3D} Neuron Reconstruction Based on Tracing, Reverse Mapping and Assembling of 2D Projections},
	journal   = {Neuroinformatics},
	year      = {2016},
	volume    = {14},
	number    = {1},
	month     = {Jan.},
	pages     = {41-50},
	issn      = {1559-0089},
	doi       = {10.1007/s12021-015-9278-1},
	publisher = {Springer},
}

@Article{Yang2019,
	author        = {Yang, Jian and Hao, Ming and Liu, Xiaoyang and Wan, Zhijiang and Zhong, Ning and Peng, Hanchuan},
	title         = {{FMST}: an Automatic Neuron Tracing Method Based on Fast Marching and Minimum Spanning Tree},
	journal       = {Neuroinformatics},
	year          = {2019},
	month      = {Apr.},
	issn          = {1559-0089},
	pages         = {185-196},
	volume    = {17},
	number    = {2},
	doi= {10.1007/s12021-018-9392-y},
}

@Article{Srivastava2014,
	author  = {Nitish Srivastava and Geoffrey Hinton and Alex Krizhevsky and Ilya Sutskever and Ruslan Salakhutdinov},
	title   = {Dropout: A Simple Way to Prevent Neural Networks from Overfitting},
	journal = {J. Mach. Learn. Res.},
	year    = {2014},
	volume  = {15},
	number = {1},
	pages   = {1929-1958},
}

@InProceedings{Zhou2008,
	author		={Zhou, Wengang and Li, Houqiang and Zhou, Xiaobo},
	title		={{3D} Dendrite Reconstruction and Spine Identification},
    booktitle   ={Proc. MICCAI},
	year		={2008},
	pages		={18-26},
}

@InProceedings{Zhao2019,
	author    = {Zhao, Jie and Chen, Xuejin and Xiong, Zhiwei and Liu, Dong and Zeng, Junjie and Zhang, Yueyi and others},
	title     = {Progressive Learning for Neuronal Population Reconstruction from Optical Microscopy Images},
	booktitle     = {Proc. MICCAI},
	year      = {2019},
	pages     = {750-759}, 
}

@Comment{jabref-meta: databaseType:biblatex;}